@misc{nvdVulnerabilityDefinition,
    title = {National Vulnerability Database Vulnerabilities},
    author = {National Institute of Standards and Technology (NIST)},
    url = {https://nvd.nist.gov/vuln},
    note = {[letzter Zugriff: 8. März 2024]},
    year = {2023},
}

@online{nvdVulnerabilityMetrics,
    title = {CVSS Metrics},
    author = {National Institute of Standards and Technology (NIST)},
    year = {2024},
    url = {https://nvd.nist.gov/vuln-metrics/cvss},
    note = {Zugriff am 8. März 2024}
}
